%% =============================================================================

@book{Deiser.Lasser.2016,
	author      = {Deiser, Oliver and Lasser, Caroline and Vogt, Elmar and 
	               Werner, Dirk},
	title       = {12 × 12 Schlüsselkonzepte zur Mathematik},
	date        = {2016},
	publisher   = {Springer Spektrum},
	series      = {Lehrbuch},
	location    = {Berlin Heidelberg},
	edition     = {2. Auflage},
	isbn        = {978-3-662-47076-3},
}


@book{Zeh-Marschke.2014,
	author      = {Zeh-Marschke, Andreas},
	title       = {Logik und Algebra: Mathematische Grundbegriffe},
	date        = {2014},
	publisher   = {epubli},
	location    = {Berlin},
	isbn        = {978-3-8442-8671-7},
}


@book{Beutelspacher.2002,
 author = {Beutelspacher, Albrecht and Zschiegner, Marc-Alexander},
 year = {2002},
 title = {Diskrete Mathematik f{\"u}r Einsteiger: Mit Anwendungen in Technik und Informatik},
 price = {EUR 18.90},
 address = {Braunschweig},
 edition = {1. Aufl},
 publisher = {Vieweg},
 isbn = {3528069899},
 series = {Vieweg-Studium}
}


@book{Eichholz.2002,
 author = {Eichholz, Wolfgang and Vilkner, Eberhard},
 year = {2002},
 title = {Taschenbuch der Wirtschaftsmathematik: Mit 208 Beispielen und zahlreichen Tabellen},
 address = {M{\"u}nchen [u.a.]},
 edition = {3., verb. Aufl},
 publisher = {Fachbuchverl. Leipzig im Hanser-Verl},
 isbn = {9783446220805}
}


@book{Hartmann.2002,
 author = {Hartmann, Peter},
 year = {2002},
 title = {Mathematik f{\"u}r Informatiker: Ein praxisbezogenes Lehrbuch},
 address = {Braunschweig and Wiesbaden},
 edition = {1. Aufl},
 publisher = {Vieweg},
 isbn = {9783528031817},
 series = {Programm Mathematik Informatik}
}


@book{Struckmann.2007,
 author = {Struckmann, Werner and W{\"a}tjen, Dietmar},
 year = {2007},
 title = {Mathematik f{\"u}r Informatiker: Grundlagen und Anwendungen},
 address = {Heidelberg  and M{\"u}nchen},
 edition = {1. Aufl},
 publisher = {Elsevier, Spektrum Akad. Verl},
 isbn = {9783827416315}
}


@book{Steger.2002,
 author = {Steger, Angelika and Schickinger, Thomas},
 year = {2002},
 title = {Diskrete Strukturen},
 address = {Berlin},
 edition = {1., korr. Nachdruck},
 publisher = {Springer},
 isbn = {9783540675976}
}


@book{Staab.2007,
 author = {Staab, Frank},
 year = {2007},
 title = {Logik und Algebra: Eine praxisbezogene Einf{\"u}hrung f{\"u}r Informatiker und Wirtschaftsinformatiker},
 address = {M{\"u}nchen [u.a.]},
 publisher = {Oldenbourg},
 isbn = {9783486583700},
 series = {Lehrbuch kompakt}
}


@book{Schmidt.2000,
 author = {Schmidt, Klaus D.},
 year = {2000},
 title = {Mathematik: Grundlagen f{\"u}r Wirtschaftswissenschaftler},
 address = {Berlin [u.a.]},
 edition = {2., {\"u}berarb. Aufl},
 publisher = {Springer},
 isbn = {9783540665212},
 series = {Springer-Lehrbuch}
}


@book{Schickinger.2002,
 author = {Schickinger, Thomas and Steger, Angelika},
 year = {2002},
 title = {Wahrscheinlichkeitstheorie und Statistik},
 address = {Berlin [u.a.]},
 edition = {1., korrigierter Nachdr},
 volume = {2},
 publisher = {Springer},
 isbn = {9783540675990},
 series = {Springer-Lehrbuch}
}


@book{Meinel.2002,
 author = {Meinel, Christoph and Mundhenk, Martin},
 year = {2002},
 title = {Mathematische Grundlagen der Informatik: Mathematisches Denken und Beweisen ; eine Einf{\"u}hrung},
 address = {Stuttgart and Leipzig and Wiesbaden},
 edition = {2., durchges. Aufl},
 publisher = {Teubner},
 isbn = {9783519129493},
 series = {Leitf{\"a}den der Informatik}
}


@book{Lidl.1982,
 author = {Lidl, Rudolf and Pilz, G{\"u}nter},
 year = {1982},
 title = {Angewandte abstrakte Algebra},
 address = {Mannheim},
 publisher = {Bibliographisches Institut},
 isbn = {3411016213}
}


@book{Lidl.1982b,
 author = {Lidl, Rudolf and Pilz, G{\"u}nter},
 year = {1982},
 title = {Angewandte abstrakte Algebra},
 address = {Mannheim},
 publisher = {Bibliographisches Institut},
 isbn = {3411016205}
}


@book{Lehmann.2004,
 author = {Lehmann, Ingmar and Schulz, Wolfgang},
 year = {2004},
 title = {Mengen - Relationen - Funktionen: Eine anschauliche Einf{\"u}hrung},
 address = {Stuttgart and Leipzig and Wiesbaden},
 edition = {2., {\"u}berarb. und erw. Aufl},
 publisher = {Teubner},
 isbn = {9783519221524},
 series = {Lehrbuch : Mathematik}
}


@book{Lau.2004,
 author = {Lau, Dietlinde},
 year = {2004},
 title = {Algebra und Diskrete Mathematik 2: Lineare Optimierung, Graphen und Algorithmen, Algebraische Strukturen und Allgemeine Algebra mit Anwendungen},
 address = {Berlin and Heidelberg},
 publisher = {Springer-Verlag Berlin Heidelberg},
 isbn = {9783540203988},
 series = {Springer-Lehrbuch}
}


@book{Lau.2004b,
 author = {Lau, Dietlinde},
 year = {2004},
 title = {Algebra und Diskrete Mathematik 1: Grundbegriffe der Mathematik, Algebraische Strukturen 1, Lineare Algebra und Analytische Geometrie, Numerische Algebra},
 address = {Berlin and Heidelberg},
 publisher = {Springer-Verlag Berlin Heidelberg},
 isbn = {9783540203971},
 series = {Springer-Lehrbuch}
}


@book{Knauer.2001,
 author = {Knauer, Ulrich},
 year = {2001},
 title = {Diskrete Strukturen - kurz gefasst},
 address = {Heidelberg [u.a.]},
 publisher = {Spektrum Akad. Verl.},
 isbn = {9783827410214},
 series = {Spektrum-Hochschultaschenbuch}
}


@book{Henze.2005,
 author = {Henze, Norbert},
 year = {2005},
 title = {Mathematik f{\"u}r Wirtschaftsingenieure und f{\"u}r naturwissenschaftlich-technische Studieng{\"a}nge},
 address = {Wiesbaden},
 edition = {2., {\"u}berarb. und erw. Aufl},
 publisher = {Vieweg + Teubner},
 isbn = {9783528131906},
 series = {Vieweg-Studium : Mathematik}
}


@book{Teschl.2006,
 author = {Teschl, Gerald and Teschl, Susanne},
 year = {2006},
 title = {Mathematik f{\"u}r Informatiker},
 address = {Berlin and Heidelberg [u.a.]},
 publisher = {Springer},
 isbn = {9783540257820},
 series = {eXamen.press}
}


@book{Witt.2001,
 author = {Witt, Kurt-Ulrich},
 year = {2001},
 title = {Algebraische Grundlagen der Informatik: Zahlen, Strukturen, Codierung, Verschl{\"u}sselung},
 address = {Braunschweig},
 publisher = {Vieweg},
 isbn = {9783528031664}
}


@book{Arens.2008,
 author = {Arens, Tilo},
 year = {2008},
 title = {Mathematik},
 address = {Heidelberg},
 publisher = {Spektrum, Akad. Verl.},
 isbn = {9783827417589}
}


@book{Schichl.2009,
 author = {Schichl, Hermann and Steinbauer, Roland},
 year = {2009},
 title = {Einf{\"u}hrung in das mathematische Arbeiten},
 address = {Berlin and Heidelberg},
 publisher = {Springer},
 isbn = {9783642017285},
 series = {Springer-Lehrbuch}
}
